<?xml version="1.0" encoding="UTF-8"?><collection xmlns="http://www.loc.gov/MARC21/slim"><record><leader>00343nam--2200145-i-4500</leader><controlfield tag="001">000032695</controlfield><controlfield tag="002">20161230</controlfield><controlfield tag="005">20161230201039</controlfield><controlfield tag="008">060222s1000------------r-----000-0-eng-d</controlfield><datafield ind1=" " ind2=" " tag="080"><subfield code="a">77</subfield></datafield><datafield ind1=" " ind2=" " tag="100"><subfield code="a">Meier, Hans</subfield></datafield><datafield ind1=" " ind2=" " tag="245"><subfield code="a">Spectral sensitization</subfield></datafield><datafield ind1=" " ind2=" " tag="260"><subfield code="a">London, The Focal Press, 1968. 224p</subfield></datafield><datafield ind1=" " ind2=" " tag="490"><subfield code="a">The Focal Library</subfield></datafield><datafield ind1=" " ind2=" " tag="852"><subfield code="a">30076</subfield></datafield></record></collection>